@article{alessia2015approaches,
  title     = {Approaches, tools and applications for sentiment analysis implementation},
  author    = {Alessia, D and Ferri, Fernando and Grifoni, Patrizia and Guzzo, Tiziana},
  journal   = {International Journal of Computer Applications},
  volume    = {125},
  number    = {3},
  year      = {2015},
  publisher = {Citeseer}
}

@article{anupama2020real,
  title   = {Real time Twitter sentiment analysis using natural language processing},
  author  = {Anupama, BS and Rakshith, DB and Rahul, KM and Navaneeth, M},
  journal = {Int J Eng Res},
  volume  = {9},
  pages   = {1107--1112},
  year    = {2020}
}

@article{benedetto2016big,
  title     = {Big data sentiment analysis for brand monitoring in social media streams by cloud computing},
  author    = {Benedetto, Francesco and Tedeschi, Antonio},
  journal   = {Sentiment Analysis and Ontology Engineering: An Environment of Computational Intelligence},
  pages     = {341--377},
  year      = {2016},
  publisher = {Springer}
}

@inproceedings{colleoni2011measuring,
  title     = {Measuring corporate reputation using sentiment analysis},
  author    = {Colleoni, Elanor and Arvidsson, Adam and Hansen, Lars K and Marchesini, Andrea},
  booktitle = {Proceedings of the 15th International Conference on Corporate Reputation: Navigating the Reputation Economy, New Orleans, USA},
  year      = {2011}
}

@article{DBLP:journals/corr/abs-1810-04805,
  author     = {Jacob Devlin and
                Ming{-}Wei Chang and
                Kenton Lee and
                Kristina Toutanova},
  title      = {{BERT:} Pre-training of Deep Bidirectional Transformers for Language
                Understanding},
  journal    = {CoRR},
  volume     = {abs/1810.04805},
  year       = {2018},
  url        = {http://arxiv.org/abs/1810.04805},
  eprinttype = {arXiv},
  eprint     = {1810.04805},
  timestamp  = {Tue, 30 Oct 2018 20:39:56 +0100},
  biburl     = {https://dblp.org/rec/journals/corr/abs-1810-04805.bib},
  bibsource  = {dblp computer science bibliography, https://dblp.org}
}

@article{ducange2019effective,
  title     = {An effective Decision Support System for social media listening based on cross-source sentiment analysis models},
  author    = {Ducange, Pietro and Fazzolari, Michela and Petrocchi, Marinella and Vecchio, Massimo},
  journal   = {Engineering Applications of Artificial Intelligence},
  volume    = {78},
  pages     = {71--85},
  year      = {2019},
  publisher = {Elsevier}
}

@article{go2009twitter,
  title   = {Twitter sentiment classification using distant supervision},
  author  = {Go, Alec and Bhayani, Richa and Huang, Lei},
  journal = {CS224N project report, Stanford},
  volume  = {1},
  number  = {12},
  pages   = {2009},
  year    = {2009}
}

@article{howard2018universal,
  title   = {Universal language model fine-tuning for text classification},
  author  = {Howard, Jeremy and Ruder, Sebastian},
  journal = {arXiv preprint arXiv:1801.06146},
  year    = {2018}
}

@article{liu2020aspect,
  title     = {Aspect-based sentiment analysis: A survey of deep learning methods},
  author    = {Liu, Haoyue and Chatterjee, Ishani and Zhou, MengChu and Lu, Xiaoyu Sean and Abusorrah, Abdullah},
  journal   = {IEEE Transactions on Computational Social Systems},
  volume    = {7},
  number    = {6},
  pages     = {1358--1375},
  year      = {2020},
  publisher = {IEEE}
}

@inproceedings{pak2010twitter,
  title     = {Twitter as a corpus for sentiment analysis and opinion mining.},
  author    = {Pak, Alexander and Paroubek, Patrick and others},
  booktitle = {LREc},
  volume    = {10},
  pages     = {1320--1326},
  year      = {2010}
}

@inproceedings{petasis2013large,
  title     = {Large-scale sentiment analysis for reputation management},
  author    = {Petasis, Georgios and Spiliotopoulos, Dimitrios and Tsirakis, Nikos and Tsantilas, Panayiotis},
  booktitle = {2nd Workshop on Practice and Theory of Opinion Mining and Sentiment Analysis},
  year      = {2013}
}

@inproceedings{severyn2015twitter,
  title     = {Twitter sentiment analysis with deep convolutional neural networks},
  author    = {Severyn, Aliaksei and Moschitti, Alessandro},
  booktitle = {Proceedings of the 38th international ACM SIGIR conference on research and development in information retrieval},
  pages     = {959--962},
  year      = {2015}
}

@inproceedings{socher2013recursive,
  title     = {Recursive deep models for semantic compositionality over a sentiment treebank},
  author    = {Socher, Richard and Perelygin, Alex and Wu, Jean and Chuang, Jason and Manning, Christopher D and Ng, Andrew Y and Potts, Christopher},
  booktitle = {Proceedings of the 2013 conference on empirical methods in natural language processing},
  pages     = {1631--1642},
  year      = {2013}
}

@article{vidya2015twitter,
  title     = {Twitter sentiment to analyze net brand reputation of mobile phone providers},
  author    = {Vidya, Nur Azizah and Fanany, Mohamad Ivan and Budi, Indra},
  journal   = {Procedia Computer Science},
  volume    = {72},
  pages     = {519--526},
  year      = {2015},
  publisher = {Elsevier}
}
